<?xml version="1.0" encoding="UTF-8"?>
<collection xmlns="http://www.loc.gov/MARC21/slim">
 <record>
  <leader>03867cam a2200457Ia 4500</leader>
  <controlfield tag="001">9131775</controlfield>
  <controlfield tag="003">ICU</controlfield>
  <controlfield tag="005">20130731154600.0</controlfield>
  <controlfield tag="008">120622s2012    iluabcf  b    001 0deng d</controlfield>
  <datafield tag="010" ind1=" " ind2=" ">
   <subfield code="a">  2011933114</subfield>
  </datafield>
  <datafield tag="019" ind1=" " ind2=" ">
   <subfield code="a">793225300</subfield>
  </datafield>
  <datafield tag="020" ind1=" " ind2=" ">
   <subfield code="a">9781885923639</subfield>
  </datafield>
  <datafield tag="020" ind1=" " ind2=" ">
   <subfield code="a">1885923635</subfield>
  </datafield>
  <datafield tag="035" ind1=" " ind2=" ">
   <subfield code="a">(OCoLC)797981192</subfield>
   <subfield code="z">(OCoLC)793225300</subfield>
  </datafield>
  <datafield tag="035" ind1=" " ind2=" ">
   <subfield code="a">9131775</subfield>
  </datafield>
  <datafield tag="040" ind1=" " ind2=" ">
   <subfield code="a">UKMGB</subfield>
   <subfield code="b">eng</subfield>
   <subfield code="c">UKMGB</subfield>
   <subfield code="d">OCLCO</subfield>
   <subfield code="d">YDXCP</subfield>
   <subfield code="d">BWX</subfield>
   <subfield code="d">BRZ</subfield>
   <subfield code="d">CUV</subfield>
   <subfield code="d">MUU</subfield>
   <subfield code="d">BTCTA</subfield>
   <subfield code="d">CDX</subfield>
   <subfield code="d">MEAUC</subfield>
   <subfield code="d">CGU</subfield>
  </datafield>
  <datafield tag="043" ind1=" " ind2=" ">
   <subfield code="a">a-iq---</subfield>
  </datafield>
  <datafield tag="049" ind1=" " ind2=" ">
   <subfield code="a">CGUA</subfield>
  </datafield>
  <datafield tag="090" ind1=" " ind2=" ">
   <subfield code="a">DS70.5.A43</subfield>
   <subfield code="b">W55 2012</subfield>
  </datafield>
  <datafield tag="100" ind1="1" ind2=" ">
   <subfield code="a">Wilson, Karen L.</subfield>
  </datafield>
  <datafield tag="245" ind1="1" ind2="0">
   <subfield code="a">Bismaya :</subfield>
   <subfield code="b">recovering the lost city of Adab /</subfield>
   <subfield code="c">by Karen L. Wilson ; with contributions by Jacob Lauinger ... [et al.].</subfield>
  </datafield>
  <datafield tag="246" ind1="3" ind2="0">
   <subfield code="a">Recovering the lost city of Adab</subfield>
  </datafield>
  <datafield tag="260" ind1=" " ind2=" ">
   <subfield code="a">Chicago, Ill. :</subfield>
   <subfield code="b">Oriental Institute of the University of Chicago,</subfield>
   <subfield code="c">2012.</subfield>
  </datafield>
  <datafield tag="300" ind1=" " ind2=" ">
   <subfield code="a">xxx, 194 p., 113 p. of plates (some col., some with letterpress descriptions on verso) :</subfield>
   <subfield code="b">ill., map, port. ;</subfield>
   <subfield code="c">31 cm.</subfield>
  </datafield>
  <datafield tag="490" ind1="1" ind2=" ">
   <subfield code="a">Oriental Institute publications,</subfield>
   <subfield code="x">0069-3367 ;</subfield>
   <subfield code="v">v. 138</subfield>
  </datafield>
  <datafield tag="500" ind1=" " ind2=" ">
   <subfield code="a">&quot;The University of Chicago conducted excavations at the site of Bismaya (ancient Adab) in southern Iraq from December 24, 1903, until late June 1905. The work was first directed by a young American Assyriologist, Edgar James Banks, then by Victor S. Persons, an architect who had originally gone to to the Near East to assist Banks&quot;--Preface.</subfield>
  </datafield>
  <datafield tag="504" ind1=" " ind2=" ">
   <subfield code="a">Includes bibliographical references (p. xxv-xxx, p.189-190) and index.</subfield>
  </datafield>
  <datafield tag="505" ind1="0" ind2=" ">
   <subfield code="a">A Note on the Sources -- Early Exploration -- The University of Chicago Expedition to Bismaya and 'the Oldest Statue in the World' -- The Site, the City, and the City Wall -- Mound I, 'The Palace' : A Palace of the Isin-Larsa/Old Babylonian Period -- Mound II, 'The Cemetery': Residence(s) of the Late Early Dynastic Period and Remains of the Isin-Larsa/Old Babylonian Period -- Mound III, 'The Semitic Quarter': An Akkadian Administrative and Light Industrial Complex -- Mound IV, 'The Library': An Administrative Center During the Reign of Sharkalisharri -- Mound V, 'The Temple': A Series of Temples of the Third Millennium B.C. -- Mound X, Residences of the Akkadian Period? -- The Remaining Mounds -- Objects Whose Findspots Could Not Be Determined -- Objects Purchased by the Expedition -- Archaeology and the History of Bismaya -- Appendix A: Early Dynastic Tablets from Adab in the Collection of the Oriental Institute Museum / Monica Louise Phillips -- Appendix B : The Ur III Administrative Tablets from Adab in the Collection of the Oriental Institute Museum / Benjamin Studevent-Hickman -- Appendix C : The Old Babylonian Tablets from Adab in the Collection of the Oriental Institute Museum / Jacob Lauinger -- Appendix D. A7447 : The Inscription / Aage Westenholz -- Appendix E. Objects from Bismaya Now in the Collection of the Eski Sark Museum, Istanbul -- Appendix F. List of Objects by Oriental Institute Museum Number -- Appendix G. Bibliography of Works by Edgar J. Banks.</subfield>
  </datafield>
  <datafield tag="650" ind1=" " ind2="0">
   <subfield code="a">Excavations (Archaeology)</subfield>
   <subfield code="z">Iraq</subfield>
   <subfield code="z">Adab (Extinct city)</subfield>
  </datafield>
  <datafield tag="600" ind1="1" ind2="0">
   <subfield code="a">Banks, Edgar James,</subfield>
   <subfield code="d">1866-1945.</subfield>
  </datafield>
  <datafield tag="651" ind1=" " ind2="0">
   <subfield code="a">Adab (Extinct city)</subfield>
  </datafield>
  <datafield tag="651" ind1=" " ind2="0">
   <subfield code="a">Bismaya (Iraq)</subfield>
   <subfield code="x">Antiquities.</subfield>
  </datafield>
  <datafield tag="600" ind1="1" ind2="7">
   <subfield code="a">Banks, Edgar James,</subfield>
   <subfield code="d">1866-1945.</subfield>
   <subfield code="2">fast</subfield>
   <subfield code="0">http://id.worldcat.org/fast/fst01466509</subfield>
  </datafield>
  <datafield tag="650" ind1=" " ind2="7">
   <subfield code="a">Antiquities.</subfield>
   <subfield code="2">fast</subfield>
   <subfield code="0">http://id.worldcat.org/fast/fst00810745</subfield>
  </datafield>
  <datafield tag="650" ind1=" " ind2="7">
   <subfield code="a">Excavations (Archaeology)</subfield>
   <subfield code="2">fast</subfield>
   <subfield code="0">http://id.worldcat.org/fast/fst00917564</subfield>
  </datafield>
  <datafield tag="651" ind1=" " ind2="7">
   <subfield code="a">Iraq</subfield>
   <subfield code="z">Adab (Extinct city)</subfield>
   <subfield code="2">fast</subfield>
   <subfield code="0">http://id.worldcat.org/fast/fst01880943</subfield>
  </datafield>
  <datafield tag="700" ind1="1" ind2=" ">
   <subfield code="a">Lauinger, Jacob.</subfield>
  </datafield>
  <datafield tag="776" ind1="0" ind2="8">
   <subfield code="i">Online version:</subfield>
   <subfield code="a">Wilson, Karen L.</subfield>
   <subfield code="t">Bismaya.</subfield>
   <subfield code="d">Chicago, Ill. : Oriental Institute of the University of Chicago, 2012</subfield>
   <subfield code="w">(OCoLC)854765840</subfield>
   <subfield code="w">(ICU)9278869</subfield>
  </datafield>
  <datafield tag="830" ind1=" " ind2="0">
   <subfield code="a">University of Chicago Oriental Institute publications ;</subfield>
   <subfield code="v">v. 138.</subfield>
  </datafield>
  <datafield tag="929" ind1=" " ind2=" ">
   <subfield code="t">LCC</subfield>
   <subfield code="c">Gen</subfield>
   <subfield code="a">DS70.5A43W55 2012</subfield>
   <subfield code="l">JRL</subfield>
  </datafield>
  <datafield tag="927" ind1=" " ind2=" ">
   <subfield code="b">108488368</subfield>
  </datafield>
 </record>
</collection>
